<?xml version="1.0" encoding="UTF-8"?><collection xmlns="http://www.loc.gov/MARC21/slim"><record><leader>00497nam--2200145-i-4500</leader><controlfield tag="001">000024619</controlfield><controlfield tag="002">20161230</controlfield><controlfield tag="005">20161230201035</controlfield><controlfield tag="008">060222s1000------------r-----000-0-eng-d</controlfield><datafield ind1=" " ind2=" " tag="080"><subfield code="a">51:530.145.3:512/514</subfield></datafield><datafield ind1=" " ind2=" " tag="100"><subfield code="a">Hurt, Norman E</subfield></datafield><datafield ind1=" " ind2=" " tag="245"><subfield code="a">Geometric quantization in action. applications of harmonic analysis iin quantum statistical mechanics and quantum field theory</subfield></datafield><datafield ind1=" " ind2=" " tag="260"><subfield code="a">Dordrecht, D.Reidel Publ.Comp., 1983, Xiv + 376 P</subfield></datafield><datafield ind1=" " ind2=" " tag="490"><subfield code="a">Mathematics And Its Applications</subfield></datafield><datafield ind1=" " ind2=" " tag="852"><subfield code="a">25374</subfield></datafield></record></collection>